<?xml version="1.0" encoding="UTF-8"?><collection xmlns="http://www.loc.gov/MARC21/slim"><record><leader>00584nam--2200193-u-4500</leader><controlfield tag="001">000054143</controlfield><controlfield tag="002">20161230</controlfield><controlfield tag="005">20161230201051</controlfield><controlfield tag="008">110901s1000------------r-----000-0-rum-d</controlfield><datafield ind1=" " ind2=" " tag="040"><subfield code="a">IFIN-HH</subfield></datafield><datafield ind1=" " ind2=" " tag="041"><subfield code="a">rum</subfield></datafield><datafield ind1=" " ind2=" " tag="080"><subfield code="a">538.953(043)</subfield></datafield><datafield ind1="1" ind2=" " tag="100"><subfield code="a">Ionescu, Felicia D</subfield></datafield><datafield ind1="1" ind2="0" tag="245"><subfield code="a">Procese ionice si electronice in cristale ionice studiate prin spectroscopie optica</subfield><subfield code="b">Razumatul tezei</subfield><subfield code="c">Felicia d. ionescu</subfield></datafield><datafield ind1=" " ind2=" " tag="260"><subfield code="a">Bucuresti</subfield><subfield code="b">Ifa</subfield><subfield code="c">1998</subfield></datafield><datafield ind1=" " ind2=" " tag="300"><subfield code="a">40P</subfield></datafield><datafield ind1=" " ind2=" " tag="502"><subfield code="a">Conducator Stiintific: Prof Dr. Vladimir Topa</subfield></datafield><datafield ind1=" " ind2=" " tag="852"><subfield code="a">81008</subfield><subfield code="c">537.533.3</subfield></datafield><datafield ind1=" " ind2=" " tag="CAT"><subfield code="a">Sys</subfield><subfield code="c">20110901</subfield><subfield code="h">162657</subfield></datafield></record></collection>